<record xmlns="http://www.loc.gov/MARC21/slim" xmlns:xsi="http://www.w3.org/2001/XMLSchema-instance" xsi:schemaLocation="http://www.loc.gov/MARC21/slim http://www.loc.gov/standards/marcxml/schema/MARC21slim.xsd">

  <leader>00490nam a2200169Ia 4500</leader>
  <controlfield tag="008">150715b1989    us ||||| |||| 00| | eng d</controlfield>
  <datafield tag="020" ind1=" " ind2=" ">
    <subfield code="a">0803932359</subfield>
  </datafield>
  <datafield tag="090" ind1=" " ind2=" ">
    <subfield code="a">18.09.01 </subfield>
  </datafield>
  <datafield ind2=" " tag="100" ind1="1">
    <subfield code="a">Guba, Egon G.</subfield>
    <subfield code="9">310</subfield>
  </datafield>
  <datafield ind1="1" tag="245" ind2="0">
    <subfield code="a">Fourth generation evaluation / </subfield>
    <subfield code="c"> Egon G.Guba, Yvonna S. Lincoln</subfield>
  </datafield>
  <datafield ind2=" " tag="260" ind1=" ">
    <subfield code="a">California  : </subfield>
    <subfield code="b">SAGE Publications, </subfield>
    <subfield code="c">1989</subfield>
  </datafield>
  <datafield tag="300" ind1=" " ind2=" ">
    <subfield code="a">294 páginas</subfield>
  </datafield>
  <datafield tag="650" ind1="1" ind2="4">
    <subfield code="a">EVALUACIÓN </subfield>
    <subfield code="9">287</subfield>
  </datafield>
  <datafield ind2="4" ind1="1" tag="650">
    <subfield code="a">METODOLOGÍA</subfield>
    <subfield code="9">285</subfield>
  </datafield>
  <datafield ind2=" " ind1="1" tag="700">
    <subfield code="9">311</subfield>
    <subfield code="a">Lincoln , Yvonna S. </subfield>
  </datafield>
  <datafield ind2=" " ind1=" " tag="942">
    <subfield code="2">z</subfield>
    <subfield code="c">01</subfield>
  </datafield>
  <datafield ind2=" " ind1=" " tag="999">
    <subfield code="c">32</subfield>
    <subfield code="d">32</subfield>
  </datafield>
</record>